@article{wilson2014using,
  title={Using trajectory data to improve bayesian optimization for reinforcement learning},
  author={Wilson, Aaron and Fern, Alan and Tadepalli, Prasad},
  journal={The Journal of Machine Learning Research},
  volume={15},
  number={1},
  pages={253--282},
  year={2014},
  publisher={JMLR.org},
  URL={http://www.jmlr.org/papers/volume15/wilson14a/wilson14a.pdf}
}
@book{rasmussen2006gaussian,
  title={Gaussian processes for machine learning},
  author={Rasmussen, Carl Edward and Williams, Christopher KI},
  volume={1},
  year={2006},
  publisher={MIT press Cambridge}
}
@article{brochu2010tutorial,
  title={A tutorial on Bayesian optimization of expensive cost functions, with application to active user modeling and hierarchical reinforcement learning},
  author={Brochu, Eric and Cora, Vlad M and De Freitas, Nando},
  journal={arXiv preprint arXiv:1012.2599},
  year={2010}
}
@article{shahriari2016taking,
  title={Taking the human out of the loop: A review of bayesian optimization},
  author={Shahriari, Bobak and Swersky, Kevin and Wang, Ziyu and Adams, Ryan P and de Freitas, Nando},
  journal={Proceedings of the IEEE},
  volume={104},
  number={1},
  pages={148--175},
  year={2016},
  publisher={IEEE}
}
